<?xml version="1.0" encoding="UTF-8"?><collection xmlns="http://www.loc.gov/MARC21/slim"><record><leader>00670nam--2200193-i-4500</leader><controlfield tag="001">000030336</controlfield><controlfield tag="002">20161230</controlfield><controlfield tag="005">20161230201038</controlfield><controlfield tag="008">060222s1000------------r-----000-0-eng-d</controlfield><datafield ind1=" " ind2=" " tag="020"><subfield code="a">0306404214</subfield></datafield><datafield ind1=" " ind2=" " tag="040"><subfield code="a">IFIN-HH</subfield></datafield><datafield ind1=" " ind2=" " tag="080"><subfield code="a">535.36/061.3</subfield></datafield><datafield ind1="1" ind2=" " tag="100"><subfield code="a">Schuerman, Donald W</subfield></datafield><datafield ind1="1" ind2="0" tag="245"><subfield code="a">Light scattering by irregularly shaped particles</subfield><subfield code="b">Proceedings of the workshop on light scattering by irregularly shaped particles, held at the state university of new york at albany, june 5-7, 1979</subfield><subfield code="c">DONALD W. SCHUERMAN (Ed.)</subfield></datafield><datafield ind1=" " ind2=" " tag="260"><subfield code="a">LONDON</subfield><subfield code="b">Plenum Press</subfield><subfield code="c">1980</subfield></datafield><datafield ind1=" " ind2=" " tag="300"><subfield code="a">X+334P</subfield></datafield><datafield ind1=" " ind2="0" tag="650"><subfield code="a">Light Scattering</subfield></datafield><datafield ind1=" " ind2=" " tag="852"><subfield code="a">49208</subfield><subfield code="c">535</subfield></datafield><datafield ind1=" " ind2=" " tag="CAT"><subfield code="a">Sys</subfield><subfield code="c">20101124</subfield><subfield code="h">115411</subfield></datafield></record></collection>